@article{Demsar2016BalancedMixture,
    title = {{A Balanced Mixture of Antagonistic Pressures Promotes the Evolution of Parallel Movement}},
    year = {2016},
    journal = {Scientific Reports},
    author = {Dem{\v{s}}ar, Jure and {\v{S}}trumbelj, Erik and Lebar Bajec, Iztok},
    volume = {6},
    doi = {10.1038/srep39428}
}

@article{Demsar2017LinguisticEvolution,
    title = {{Evolution of Collective Behaviour in an Artificial World Using Linguistic Fuzzy Rule-Based Systems}},
    year = {2017},
    journal = {PLoS ONE},
    author = {Dem{\v{s}}ar, Jure and Lebar Bajec, Iztok},
    number = {1},
    pages = {1--20},
    volume = {12},
    doi = {10.1371/journal.pone.0168876}
}

@misc{DomainAd64:online,
author = {},
title = {Domain Adaptation with Generative Pseudo-Labeling (GPL) | Pinecone},
howpublished = {\url{https://www.pinecone.io/learn/series/nlp/gpl/}},
month = {},
year = {},
note = {(Accessed on 03/21/2024)}
}

@inproceedings{wang-etal-2022-gpl,
    title = "{GPL}: Generative Pseudo Labeling for Unsupervised Domain Adaptation of Dense Retrieval",
    author = "Wang, Kexin  and
      Thakur, Nandan  and
      Reimers, Nils  and
      Gurevych, Iryna",
    editor = "Carpuat, Marine  and
      de Marneffe, Marie-Catherine  and
      Meza Ruiz, Ivan Vladimir",
    booktitle = "Proceedings of the 2022 Conference of the North American Chapter of the Association for Computational Linguistics: Human Language Technologies",
    month = jul,
    year = "2022",
    address = "Seattle, United States",
    publisher = "Association for Computational Linguistics",
    url = "https://aclanthology.org/2022.naacl-main.168",
    doi = "10.18653/v1/2022.naacl-main.168",
    pages = "2345--2360"
}

@article{reimers2019sentence,
  title={Sentence-bert: Sentence embeddings using siamese bert-networks},
  author={Reimers, Nils and Gurevych, Iryna},
  journal={arXiv preprint arXiv:1908.10084},
  year={2019}
}

@misc{wang2021tsdae,
      title={TSDAE: Using Transformer-based Sequential Denoising Auto-Encoder for Unsupervised Sentence Embedding Learning}, 
      author={Kexin Wang and Nils Reimers and Iryna Gurevych},
      year={2021},
      eprint={2104.06979},
      archivePrefix={arXiv},
      primaryClass={cs.CL}
}


@misc{pinecone_2021,
    author = {},
    title = {Unsupervised Training for Sentence Transformers},
    url = {https://www.pinecone.io/learn/series/nlp/unsupervised-training-sentence-transformers/},
    journal = {Pinecone.io},
    year = {2021},
    note = {(Accessed on 03/21/2024)}
}

â€Œ